<record><leader>00000cas a22000007a 4500</leader><controlfield tag="001">20952349</controlfield><controlfield tag="008">900124d19881989mouwr ne      0    0eng d</controlfield><datafield ind1=" " ind2=" " tag="010"><subfield code="a">sn 90061146 </subfield></datafield><datafield ind1=" " ind2=" " tag="040"><subfield code="a">MQN</subfield><subfield code="b">eng</subfield><subfield code="c">MQN</subfield><subfield code="d">OCLCQ</subfield></datafield><datafield ind1=" " ind2=" " tag="042"><subfield code="a">msc</subfield></datafield><datafield ind1="0" ind2="0" tag="245"><subfield code="a">Lakeshore times.</subfield></datafield><datafield ind1=" " ind2=" " tag="260"><subfield code="a">Lake St. Louis, Mo. :</subfield><subfield code="b">Cynthia Pappas, Charisse Pappas,</subfield><subfield code="c">1988-1989.</subfield></datafield><datafield ind1=" " ind2=" " tag="300"><subfield code="a">v.</subfield></datafield><datafield ind1=" " ind2=" " tag="310"><subfield code="a">Weekly</subfield></datafield><datafield ind1="0" ind2=" " tag="362"><subfield code="a">Vol. 1, no. 1 (Apr. 4-10, 1988)-v. 2, no. 4 (Feb. 6-12, 1989).</subfield></datafield><datafield ind1=" " ind2=" " tag="515"><subfield code="a">"Pre-publication issue" published Mar. 7-13, 1988.</subfield></datafield><datafield ind1=" " ind2=" " tag="752"><subfield code="a">United States</subfield><subfield code="b">Missouri</subfield><subfield code="c">Saint Charles</subfield><subfield code="d">Lake Saint Louis.</subfield></datafield><datafield ind1="0" ind2="0" tag="785"><subfield code="t">Times (Lake Saint Louis, Mo.)</subfield><subfield code="w">(DLC)sn 90061147</subfield></datafield></record>